<?xml version="1.0" encoding="UTF-8"?>
<record xmlns="http://www.loc.gov/MARC21/slim">
  <leader>01613ntm a22002537a 4500</leader>
  <controlfield tag="008">090115s1845    xx            000 i eng d</controlfield>
  <datafield tag="033" ind1="0" ind2="0">
    <subfield code="a">184510</subfield>
  </datafield>
  <datafield tag="040" ind1=" " ind2=" ">
    <subfield code="a">BRL</subfield>
  </datafield>
  <datafield tag="099" ind1=" " ind2=" ">
    <subfield code="a">Ms.A.9.2 v.17, p.2</subfield>
  </datafield>
  <datafield tag="100" ind1="1" ind2=" ">
    <subfield code="a">Quincy, Edmund,</subfield>
    <subfield code="d">1808-1877.</subfield>
  </datafield>
  <datafield tag="245" ind1="1" ind2="0">
    <subfield code="a">[Letter to] My Dear Friend</subfield>
    <subfield code="h">[manuscript].</subfield>
  </datafield>
  <datafield tag="260" ind1=" " ind2=" ">
    <subfield code="a">Dedham, [Mass.],</subfield>
    <subfield code="c">half past 12 o&apos;clock, [1845 Oct.?].</subfield>
  </datafield>
  <datafield tag="300" ind1=" " ind2=" ">
    <subfield code="a">1 leaf (4 p.) ;</subfield>
    <subfield code="c">9 1/4 x 7 3/4 in.</subfield>
  </datafield>
  <datafield tag="500" ind1=" " ind2=" ">
    <subfield code="a">Holograph, signed with initials.</subfield>
  </datafield>
  <datafield tag="500" ind1=" " ind2=" ">
    <subfield code="a">This letter is about Edmund Quincy&apos;s speech at F.H. [Faneuil Hall?], with the most important parts written out from memory. He especially wanted to write out &quot;the part about Judge S. ... I did not think you could put in the licks in a professional way quite as well as I who knew something of the tender places. The part about S[c]roggs &amp; Jeffries particularly I wanted just right.&quot; Edmund Quincy warned the other abolitionists &quot;never to let a New Organizer pull them out of the river---because they might be sure it was only done for the purpose of having them to strangle.&quot; Edmund Quincy wishes the mob had put him down, &quot;for I deserved it for being in such company.&quot;</subfield>
  </datafield>
  <datafield tag="600" ind1="1" ind2="0">
    <subfield code="a">Chapman, Maria Weston,</subfield>
    <subfield code="d">1806-1885</subfield>
    <subfield code="v">Correspondence.</subfield>
  </datafield>
  <datafield tag="600" ind1="1" ind2="0">
    <subfield code="a">Quincy, Edmund,</subfield>
    <subfield code="d">1808-1877</subfield>
    <subfield code="v">Correspondence.</subfield>
  </datafield>
  <datafield tag="650" ind1=" " ind2="0">
    <subfield code="a">Antislavery movements</subfield>
    <subfield code="z">United States</subfield>
    <subfield code="x">History</subfield>
    <subfield code="y">19th century.</subfield>
  </datafield>
  <datafield tag="650" ind1=" " ind2="0">
    <subfield code="a">Women abolitionists</subfield>
    <subfield code="z">Massachusetts</subfield>
    <subfield code="z">Boston</subfield>
    <subfield code="y">19th century</subfield>
    <subfield code="v">Correspondence.</subfield>
  </datafield>
  <datafield tag="655" ind1=" " ind2="0">
    <subfield code="a">Letters.</subfield>
  </datafield>
  <datafield tag="655" ind1=" " ind2="0">
    <subfield code="a">Manuscripts.</subfield>
  </datafield>
  <datafield tag="700" ind1="1" ind2="0">
    <subfield code="a">Chapman, Maria Weston,</subfield>
    <subfield code="d">1806-1885</subfield>
    <subfield code="e">recipient</subfield>
  </datafield>
  <datafield tag="830" ind1=" " ind2="0">
    <subfield code="a">Maria Weston Chapman Correspondence (1835-1885)</subfield>
  </datafield>
  <datafield tag="999" ind1=" " ind2=" ">
    <subfield code="a">shots: 4</subfield>
  </datafield>
</record>
